@misc{usyd1,
	author = "{The University of Sydney}",
	title = "{APA} Referencing Style (6th Edition)",
	year = 2022,
	note = "See \url{https://libguides.library.usyd.edu.au/ld.php?content\_id=47913440}"}

@misc{usyd2,
	author = "{The University of Sydney}",
	title = "Referencing and Citation Styles: {IEEE}",
	year = 2022,
	note = "See \url{https://libguides.library.usyd.edu.au/c.php?g=508212}"}
	
@misc{sfia,
	author = "{SFIA}",
	title = "The global skills and competency framework for the digital world",
	year = 2022,
	note = "See \url{https://sfia-online.org/en/sfia-8/all-skills-a-z}"}

@misc{palma2023,
    author = "{Jorge Andrés Palma-Osses, & Andrés Zambrano-Espinosa}",
    title = "{SFIA skills framework, a communication bridge between Higher Education, Companies, and IT Professionals = Marco de habilidades SFIA, un puente de comunicación entre la Educación Superior, Empresas y Profesionales del área TI}",
    year = 2023,
    note = "See \url{https://doi.org/10.20868/abe.2022.3.5028}"
}

@misc{hardin2015,
    author = "{Hardin, J., Hoerl, R., Horton, N. J., Nolan, D., Baumer, B., Hall-Holt, O., Murrell, P., Peng, R., Roback, P., Temple Lang, D., & Ward, M. D.}",
    title = "{Data Science in Statistics Curricula: Preparing Students to ``Think with Data''}",
    year = 2015,
    note = "See \url{https://doi.org/10.1080/00031305.2015.1077729}"
}


	
